@article{wang2004brief,
  title={A brief review of computational gene prediction methods},
  author={Wang, Zhuo and Chen, Yazhu and Li, Yixue},
  journal={Genomics, proteomics \& bioinformatics},
  volume={2},
  number={4},
  pages={216--221},
  year={2004},
  publisher={Elsevier}
}
@article{yan1998new,
  title={A new fourier transform approach for protein coding measure based on the format of the Z curve.},
  author={Yan, Ming and Lin, Zhe-Suai and Zhang, Chun-Ting},
  journal={Bioinformatics (Oxford, England)},
  volume={14},
  number={8},
  pages={685--690},
  year={1998}
}
@inproceedings{sharma2011evaluation,
  title={Evaluation of DNA mapping schemes for exon detection},
  author={Sharma, Sunil Datt and Shakya, K and Sharma, SN},
  booktitle={2011 International Conference on Computer, Communication and Electrical Technology (ICCCET)},
  pages={71--74},
  year={2011},
  organization={IEEE}
}
@article{anastassiou2000frequency,
  title={Frequency-domain analysis of biomolecular sequences},
  author={Anastassiou, Dimitris},
  journal={Bioinformatics},
  volume={16},
  number={12},
  pages={1073--1081},
  year={2000},
  publisher={Oxford University Press}
}
@article{kotlar2003gene,
  title={Gene prediction by spectral rotation measure: a new method for identifying protein-coding regions},
  author={Kotlar, Daniel and Lavner, Yizhar},
  journal={Genome research},
  volume={13},
  number={8},
  pages={1930--1937},
  year={2003},
  publisher={Cold Spring Harbor Lab}
}
@article{burge1997prediction,
  title={Prediction of complete gene structures in human genomic DNA},
  author={Burge, Chris and Karlin, Samuel},
  journal={Journal of molecular biology},
  volume={268},
  number={1},
  pages={78--94},
  year={1997},
  publisher={Elsevier}
}
@article{yin2007prediction,
  title={Prediction of protein coding regions by the 3-base periodicity analysis of a DNA sequence},
  author={Yin, Changchuan and Yau, Stephen S-T},
  journal={Journal of theoretical biology},
  volume={247},
  number={4},
  pages={687--694},
  year={2007},
  publisher={Elsevier}
}
@article{berryman2005review,
  title={Review of signal processing in genetics},
  author={Berryman, MJ and Allison, A and Wilkinson, CR and Abbott, D},
  journal={Fluctuation and Noise Letters},
  volume={5},
  number={04},
  pages={R13--R35},
  year={2005},
  publisher={World Scientific}
}
